%% This BibTeX bibliography file was created using Bibsk.
%% http://bibdesk.sourceforge.net/


%% Created for Jason Bryer at 2011-10-31 18:53:27 -0400 


%% Saved with string encoding Unicode (UTF-8) 



@inbook{StuartRubin2008,
	Author = {Elizabeth A. Stuart and Donald B. Rubin},
	Chapter = {Best practices in quasi-experimental designs: Matching methods for causal inference},
	Date-Added = {2011-10-31 22:50:15 +0000},
	Date-Modified = {2011-10-31 22:53:27 +0000},
	Editor = {Jason Osborne},
	Pages = {155-176},
	Publisher = {Sage Publications},
	Title = {Best Practices in Quantitative Methods},
	Year = {2008}}

@book{aft2004,
	Address = {Washington, DC},
	Author = {F. Howard Nelson and Bella Rosenberg and Nancy Van Meter},
	Date-Added = {2009-11-30 17:29:32 -0500},
	Date-Modified = {2009-11-30 17:32:41 -0500},
	Publisher = {American Federation of Teachers},
	Title = {Charter School Achievement on the 2003 National Assessment of Educational Progress},
	Url = {http://www.aft.org/pubs-reports/downloads/teachers/NAEPCharterSchoolReport.pdf},
	Year = {2004},
	Bdsk-Url-1 = {http://www.aft.org/pubs-reports/downloads/teachers/NAEPCharterSchoolReport.pdf}}

@misc{Obama2009,
	Author = {Barack Obama},
	Date-Added = {2009-11-29 20:18:55 -0500},
	Date-Modified = {2009-12-06 11:29:51 -0500},
	Howpublished = {Address to Joint Session of Congress},
	Month = {February 24},
	Title = {Remarkes of \uppercase{P}resident \uppercase{B}arack \uppercase{O}bama},
	Url = {http://www.whitehouse.gov/the_press_office/remarks-of-president-barack-obama-address-to-joint-session-of-congress},
	Year = {2009},
	Bdsk-Url-1 = {http://www.whitehouse.gov/the_press_office/remarks-of-president-barack-obama-address-to-joint-session-of-congress/}}

@book{Hofstede2004,
	Address = {New York, NY},
	Author = {Geert Hofstede and Gert Jan Hofstede},
	Date-Added = {2009-11-29 18:16:46 -0500},
	Date-Modified = {2009-11-29 18:18:46 -0500},
	Edition = {2nd},
	Publisher = {McGraw Hill},
	Title = {Cultures and Organizations: Software of the Mind},
	Year = {2004}}

@book{NAPCS2012,
	Address = {Washington D.C.},
	Author = {Ziebarth, Todd},
	Edition = {3rd},
	Publisher = {National Alliance for Public Charter Schools},
	Title = {Measuring Up to the Model: A Ranking of State Charter School Laws},
	Year = {2012}}

@book{Carnoy2005,
	Author = {Martin Carnoy and Rebecca Jacobsen and Lawrence Mishel and Richard Rothstein},
	Date-Added = {2009-11-29 16:27:20 -0500},
	Date-Modified = {2009-11-29 16:30:16 -0500},
	Publisher = {Teacher College Press \& Economic Policy Institute},
	Title = {The Charter School Dust-Up: Examining the Evidence on Enrollment and Achievement},
	Year = {2005}}

@book{Maccall1847,
	Address = {London},
	Author = {William Maccall},
	Date-Added = {2009-11-29 16:20:26 -0500},
	Date-Modified = {2009-11-29 16:21:29 -0500},
	Publisher = {John Chapman},
	Title = {The Elements of Individualism},
	Year = {1847}}

@article{Swart1962,
	Author = {Koenraad W. Swart},
	Date-Added = {2009-11-29 16:09:46 -0500},
	Date-Modified = {2009-12-06 19:56:27 -0500},
	Journal = {Journal of the History of Ideas},
	Number = {1},
	Pages = {77-90},
	Title = {"\uppercase{I}ndividualism" in the Mid-Nineteenth Century},
	Volume = {23},
	Year = {1962}}

@webpage{cersurvey,
	Author = {{Center for Education Reform}},
	Date-Added = {2009-11-29},
	Date-Modified = {2009-11-29},
	Title = {Annual Survey of America's Charter Schools},
	Url = {http://edreform.com/wp-content/uploads/2013/03/CER_charter_survey_2008.pdf},
	Urldate = {November 29, 2009},
	Year = {2008}}

@incollection{Ripley1997,
	Author = {B. D. Ripley},
	Booktitle = {Encyclopedia of Statistical Sciences},
	Date-Added = {2009-11-29 13:52:08 -0500},
	Date-Modified = {2009-11-29 13:55:56 -0500},
	Editor = {Samuel Kotz and David L. Banks and Campbell B. Read},
	Pages = {110-116},
	Publisher = {John Wiley \& Sons},
	Title = {Classification},
	Volume = {2},
	Year = {1997}}

@electronic{rpart,
	Author = {Terry M. Therneau and Beth Atkinson},
	Date-Added = {2009-11-29 13:46:31 -0500},
	Date-Modified = {2009-11-29 13:47:36 -0500},
	Title = {[Computer software]. \lowercase{rpart}: Recusrive Partitioning},
	Url = {http://cran.r-project.org/web/packages/rpart/index.html},
	Urldate = {November 29},
	Bdsk-Url-1 = {http://cran.r-project.org/web/packages/rpart/index.html}}

@electronic{Therneau1997,
	Author = {Terry M. Therneau and Elizabeth J. Atkinson and Mayo Foundation},
	Date-Added = {2009-11-29 13:43:21 -0500},
	Date-Modified = {2009-12-06 11:32:28 -0500},
	Title = {An Introduction to Recursive Partitioning Using the RPART Routines},
	Url = {http://www.mayo.edu/hsr/techrpt/61.pdf},
	Urldate = {November 29, 2009},
	Bdsk-Url-1 = {http://www.google.com/url?sa=t&source=web&ct=res&cd=1&ved=0CAcQFjAA&url=http://www.mayo.edu/hsr/techrpt/61.pdf&ei=_r8SS4_jMJWzlAf5x7GxAg&usg=AFQjCNFS90E5JdRXui2HmdtdfBWPADHqgA&sig2=Dj4Nyx_3jRqXjNYQm_lEFw}}

@book{Breiman1984,
	Address = {Belmont, CA},
	Author = {L. Breiman and J. H. Friedman and R. A. Olshen and C. J. Stone},
	Date-Added = {2009-11-29 13:36:38 -0500},
	Date-Modified = {2009-11-29 13:37:36 -0500},
	Publisher = {Wadsworth},
	Title = {Classification and Regression Trees},
	Year = {1984}}

@electronic{psagraphics,
	Author = {James E. Helmreich and Robert M. Pruzek},
	Date-Added = {2009-11-28 18:32:17 -0500},
	Date-Modified = {2009-11-28 18:33:19 -0500},
	Title = {[Computer software]. \uppercase{PSA}graphics: Propensity Score Graphics},
	Url = {http://cran.r-project.org/web/packages/PSAgraphics/index.html},
	Year = {2009},
	Bdsk-Url-1 = {http://cran.r-project.org/web/packages/PSAgraphics/index.html}}

@article{Rubin1996psa,
	Author = {D. B. Rubin and N. Thomas},
	Date-Added = {2009-11-28 17:37:05 -0500},
	Date-Modified = {2011-10-31 21:43:03 +0000},
	Journal = {Biometrics},
	Pages = {249-264},
	Title = {Matching using propensity scores: Relating theory to practice},
	Volume = {52},
	Year = {1996}}

@article{HelmreichPruzek2009,
	Author = {J. E. Helmreich and R. M. Pruzek},
	Date-Added = {2009-11-28 17:34:16 -0500},
	Date-Modified = {2009-11-28 17:35:43 -0500},
	Journal = {Journal of Statistical Software},
	Number = {6},
	Title = {\uppercase{PSA}graphics: An \uppercase{R} package to support propensity score analysis},
	Volume = {29},
	Year = {2009}}

@article{LuellenShadishClark2005,
	Author = {Jason K. Luellen and William R. Shadish and M. H. Clark},
	Date-Added = {2009-11-28 17:17:35 -0500},
	Date-Modified = {2009-11-28 17:19:17 -0500},
	Journal = {Evaluation Review},
	Number = {6},
	Pages = {530-558},
	Title = {Propensity Scores: An Introduction and Experimental Test},
	Volume = {29},
	Year = {2005}}

@book{Wells2002,
	Address = {New York, NY},
	Date-Added = {2009-11-28 17:13:53 -0500},
	Date-Modified = {2009-11-28 17:15:12 -0500},
	Editor = {Amy Stuart Wells},
	Publisher = {Teachers College Press},
	Title = {Where Charter School Policy Fails: The Problems of Accountability and Equity},
	Year = {2002}}

@book{Rosenbaum2002,
	Address = {New York, NY},
	Author = {Paul R. Rosenbaum},
	Date-Added = {2009-11-28 17:12:03 -0500},
	Date-Modified = {2009-11-28 17:13:47 -0500},
	Edition = {2nd},
	Publisher = {Springer},
	Title = {Observational Studies},
	Year = {2002}}

@book{Berends2008,
	Address = {New York, NY},
	Date-Added = {2009-11-28 17:10:37 -0500},
	Date-Modified = {2009-11-28 17:12:02 -0500},
	Editor = {Mark Berends and Matthew G. Springer and Herbert J. Walberg},
	Publisher = {Lawrence Erlbaum Associates},
	Title = {Charter School Outcomes},
	Year = {2008}}

@book{Walberg2007,
	Address = {Washington, DC},
	Author = {Herbert J. Walberg},
	Date-Added = {2009-11-28 17:09:33 -0500},
	Date-Modified = {2009-11-28 17:10:28 -0500},
	Publisher = {Cato Institute},
	Title = {School Choice: The Findings},
	Year = {2007}}

@book{rethinkingschools,
	Address = {Milwaukee, WI},
	Date-Added = {2009-11-28 17:06:26 -0500},
	Date-Modified = {2009-11-28 17:09:28 -0500},
	Editor = {Leigh Dingerson and Barbara Miner and Bob Peterson and Stephanie Walters},
	Publisher = {Rethinking Schools},
	Title = {Keeping the Promise? The debate over charter schools},
	Year = {2008}}

@webpage{ZeileisHothornHornik2009,
	Author = {Achim Zeileis and Torsten Hothorn and Kurt Hornik},
	Date-Added = {2009-11-28 16:58:21 -0500},
	Date-Modified = {2009-11-28 17:06:10 -0500},
	Lastchecked = {November 28, 2009},
	Title = {\lowercase{party} with the mob: Model-based Recursive Partitioning in \uppercase{R}},
	Url = {http://cran.mtu.edu/web/packages/party/vignettes/MOB.pdf},
	Urldate = {September 24, 2009},
	Year = {2009},
	Bdsk-Url-1 = {http://cran.mtu.edu/web/packages/party/vignettes/MOB.pdf}}

@webpage{HothornHornikZeileis2009,
	Author = {Torsten Hothorn and Kurt Hornik and Achim Zeileis},
	Date-Added = {2009-11-28 16:54:54 -0500},
	Date-Modified = {2009-11-28 17:05:26 -0500},
	Lastchecked = {November 28, 2009},
	Title = {\lowercase{party}: A Laboratory for Recursive Partytioning},
	Url = {http://cran.mtu.edu/web/packages/party/vignettes/party.pdf},
	Urldate = {September 24, 2009},
	Year = {2009},
	Bdsk-Url-1 = {http://cran.mtu.edu/web/packages/party/vignettes/party.pdf}}

@book{naepreading,
	Address = {Washington, DC},
	Author = {{National Assessment Governing Board}},
	Date-Added = {2009-11-28 15:21:26 -0500},
	Date-Modified = {2009-12-06 19:52:14 -0500},
	Organization = {U.S. Department of Education},
	Publisher = {U.S. Department of Education},
	Title = {Reading Framework for the 2007 National Assessment of Educational Progress},
	Year = {2006}}

@book{naepmath,
	Address = {Washington, DC},
	Author = {{National Assessment Governing Board}},
	Date-Added = {2009-11-28 15:19:23 -0500},
	Date-Modified = {2009-12-06 19:52:11 -0500},
	Organization = {U.S. Department of Education},
	Publisher = {U.S. Department of Education},
	Title = {Mathematics Framework for the 2007 National Assessment of Educational Progress},
	Year = {2006}}

@misc{canada2007,
	Author = {{Foundations for the Future Charter Academy}},
	Date-Added = {2009-11-26 06:12:55 -0500},
	Date-Modified = {2009-12-06 11:30:58 -0500},
	Month = {May},
	Title = {Charter Document},
	Url = {http://www.ffca-calgary.com/downloads/Charter.pdf},
	Year = {2007},
	Bdsk-Url-1 = {http://www.ffca-calgary.com/downloads/Charter.pdf}}

@article{WohlstetterAnderson1994,
	Author = {P. Wohlstetter and L. Anderson},
	Date-Added = {2009-11-26 06:06:05 -0500},
	Date-Modified = {2009-11-26 06:08:55 -0500},
	Journal = {Phi Delta Kappan},
	Number = {6},
	Pages = {486-491},
	Title = {What can \uppercase{U.S.} charter schools learn from \uppercase{E}ngland's grant-maintained schools},
	Volume = {75},
	Year = {1994}}

@techreport{Larranaga2004,
	Author = {O. Larra{\~n}aga},
	Date-Added = {2009-11-26 06:02:09 -0500},
	Date-Modified = {2009-11-28 17:03:59 -0500},
	Institution = {Estudios Publicos},
	Title = {Competencia y participaci{\'o}n privada: la experiencia chilena en educaci\'{o}n.},
	Year = {2004}}

@techreport{Lander2001,
	Author = {M. Lander},
	Date-Added = {2009-11-26 05:59:55 -0500},
	Date-Modified = {2009-11-26 06:02:05 -0500},
	Institution = {Frontier Centre for Public Policy},
	Title = {School chice, \uppercase{K}iwi-style: When \uppercase{N}ew \uppercase{Z}ealand abolished school boards.},
	Year = {2001}}

@article{CullenJacobLevitt2005,
	Author = {Julie Berry Cullen and Brian A. Jacob and Steven D. Levitt},
	Date-Added = {2009-11-25 21:10:12 -0500},
	Date-Modified = {2009-11-25 21:11:48 -0500},
	Journal = {Journal of Public Economics},
	Pages = {729-760},
	Title = {The impact of school choice onstudent outcomes: An analysis of the \uppercase{C}hicago \uppercase{P}ublic \uppercase{S}chools},
	Volume = {89},
	Year = {2005}}

@incollection{VanourekMannoFinnBierlein1998,
	Address = {Washington, DC},
	Author = {G Vanourek and B Manno and C Finn and L Bierlein},
	Booktitle = {Learning from school choice},
	Date-Added = {2009-11-25 20:59:49 -0500},
	Date-Modified = {2009-11-26 09:34:05 -0500},
	Editor = {B Hassel and P Peterson},
	Pages = {187-211},
	Publisher = {Brookings Institution},
	Series = {Learning from school choice},
	Title = {Charter Schools},
	Year = {1998}}

@article{TeskeSchneider2001,
	Author = {P Teske and M Schneider},
	Date-Added = {2009-11-25 20:58:13 -0500},
	Date-Modified = {2009-11-25 21:02:44 -0500},
	Journal = {Journal of Policy Analysis and Management},
	Number = {4},
	Pages = {609-631},
	Title = {What research can tell policymakers about school choice},
	Volume = {20},
	Year = {2001}}

@book{BrykRaudenbush1992,
	Address = {Newbury Park, CA},
	Author = {Anthony S. Bryk and Stephen W. Raudenbush},
	Date-Added = {2009-11-25 20:00:32 -0500},
	Date-Modified = {2009-11-25 20:01:47 -0500},
	Publisher = {Sage Publications},
	Title = {Hierarchical Linear Models: Applications and Data Analysis Methods},
	Year = {1992}}

@book{GelmanHill2006,
	Address = {New York, NY},
	Author = {Andrew Gelman and Jennifer Hill},
	Date-Added = {2009-11-25 19:58:32 -0500},
	Date-Modified = {2009-11-25 20:00:28 -0500},
	Publisher = {Cambridge University Press},
	Title = {Data Analysis Using Regressino and Multilevel/Hierarchical Models},
	Year = {2006}}

@book{BraunJenkinsGrigg2006private,
	Address = {Washington, DC},
	Author = {Henry Braun and Frank Jenkins and Wendy Grigg},
	Date-Added = {2009-11-25 19:38:17 -0500},
	Date-Modified = {2009-11-25 19:41:01 -0500},
	Publisher = {U.S. Department of Education, National Center for Educational Studies, Institute of Education Sciences},
	Title = {Comparing private schools and public schools using hierarchical linearl modeling (NCES 2006-461)},
	Year = {2006}}

@article{Vanbuuren,
	Author = {Stef van{\ }Buuren and Karin Groothuis-Oudshoorn},
	Date-Modified = {2009-11-28 17:00:06 -0500},
	Journal = {Journal of Statistical Software},
	Title = {\uppercase{MICE}: Multivariate imputation by chained equations in R},
	Year = {n.d.}}

@other{cernumbers,
	Author = {{Center for Education Reform}},
	Title = {National Charter School \& Enrollment Statistics},
	Url = {http://www.edreform.com/download/CER_Charter_Survey_2010.pdf},
	Year = {2010},
	Bdsk-Url-1 = {http://www.edreform.com/download/CER_Charter_Survey_2010.pdf}}

@book{credo,
	Author = {{Center for Research on Education Outcomes}},
	Location = {Stanford, CA},
	Publisher = {Stanford University},
	Title = {Multiple Choice: Charter School Performance in 16 States},
	Year = {2009}}

@book{credo2013,
	Author = {{Center for Research on Education Outcomes}},
	Location = {Stanford, CA},
	Publisher = {Stanford University},
	Title = {National Charter School Study},
	Year = {2013}}

@other{whatweknow,
	Author = {{National Alliance of Public Charter Schools}},
	Title = {Charter School Achievement: What We Know},
	Url = {http://www.publiccharters.org/What+We+Know+5},
	Year = {2009},
	Bdsk-Url-1 = {http://www.publiccharters.org/What+We+Know+5}}

@other{ccd,
	Author = {{National Center for Educational Statistics}},
	Title = {Common Core of Data},
	Url = {http://nces.ed.gov/ccd},
	Year = {2009},
	Bdsk-Url-1 = {http://nces.ed.gov/ccd}}

@other{nea,
	Author = {{Northwest Evaluation Association}},
	Title = {Why is the growth research database significant},
	Url = {http://www.nwea.org/support/details.aspx?content=1053},
	Year = {2009},
	Bdsk-Url-1 = {http://www.nwea.org/support/details.aspx?content=1053}}

@other{Weiss2013,
	Author = {Elaine Weiss},
	Title = {Mismatches in race to the top limit educational improvement},
	Url = {http://www.epi.org/files/2013/bba-2013-race-to-the-top.pdf},
	Year = {2013}}

@misc{rdevelopment,
	Address = {Vienna, Austria},
	Author = {{R Development Core Team}},
	Organization = {R Development Core Team},
	Title = {[Computer software]. \uppercase{R}: A language and environment for statistical computing. R Foundation for Statistical Computing},
	Year = {2008}}

@article{nationatrisk,
	Author = {{The National Commission on Excellence in Education}},
	Title = {A Nation at Risk: The Imperative for Educational Reform},
	Year = {1983}}

@article{AbadieDiamondHainueller2007,
	Author = {Alberto Abadie and Alexis Diamond and Jens Hainmueller},
	Journal = {NBER Working Paper Series},
	Title = {Synthetic control methods for comparative case studies: Estimating the effect of \uppercase{C}alifornia's tobacco control program},
	Url = {http://papers.ssrn.com/sol3/papers.cfm?abstract_id=958483},
	Volume = {w12831},
	Year = {2007},
	Bdsk-Url-1 = {http://papers.ssrn.com/sol3/papers.cfm?abstract_id=958483}}

@book{AllenConsolettieKerwin2009,
	Author = {Jeanne Allen and Alison Consolettie and Kara Kerwin},
	Date-Modified = {2009-12-06 19:53:38 -0500},
	Institution = {The Center for Education Reform},
	Publisher = {The Center for Education Reform},
	Title = {The Accountability Report: Charter Schools},
	Year = {2009}}

@book{BettsHill2006,
	Author = {Julian R. Betts and Paul T. Hill},
	Location = {Seattle, WA},
	Publisher = {National Charter School Research Project, Center on Reinventing Public Education, University of Washington Bothell},
	Title = {Key issues in studying charter schools and achievement: A review and suggestions for national guidelines},
	Year = {2006}}

@book{BettsTang2008,
	Author = {Julian R. Betts and Y. Emily Tang},
	Date-Modified = {2009-12-06 19:53:07 -0500},
	Location = {Seattle, WA},
	Publisher = {National Charter School Research Project, Center on Reinventing Public Education, University of Washington Bothell},
	Title = {Value-added and experimental studies of the effect of charter schools on student achievement},
	Year = {2008}}

@book{Tufte2001,
	Author = {Edward Tufte},
	Location = {Cheshire, CT},
	Publisher = {Graphics Press LLC},
	Title = {The Visual Display of Quantitative Information},
	Year = {2001}}

@book{Cleveland1988,
	Author = {W. S. Cleveland},
	Location = {Pacific Grove, CA},
	Publisher = {Wadsworth and Brooks},
	Title = {The Collected Works of John W. Tukey, Volume V Graphics},
	Year = {1988}}

@book{Cleveland1993,
	Author = {W. S. Cleveland},
	Location = {Murray Hill, NJ},
	Publisher = {AT\&T Bell Laboratories},
	Title = {Visualizing data},
	Year = {1993}}

@book{Cleveland1994,
	Author = {W. S. Cleveland},
	Location = {Murray Hill, NJ},
	Publisher = {AT\&T Bell Laboratories},
	Title = {The elements of graphing data (Rev. ed.)},
	Year = {1994}}

@book{Chambers1983,
	Author = {J. M. Chambers and W. S. Cleveland and B Kleiner and P. A. Tukey},
	Location = {Belmont, CA},
	Publisher = {Belmont},
	Title = {Graphical methods for data analysis},
	Year = {1983}}

@book{Wilkinson2005,
	Author = {L. Wilkinson},
	Location = {New York, NY},
	Publisher = {Springer},
	Title = {The grammar of graphics (2nd Ed)},
	Year = {2005}}

@book{Wickham2009,
	Author = {Hadley Wickham},
	Location = {New York, NY},
	Publisher = {Springer},
	Title = {{ggplot2}: Elegant graphics for data analysis},
	Year = {2009}}

@book{BraunJenkinsGrigg2006,
	Author = {Henry Braun and Frank Jenkins and Wendy Grigg},
	Institution = {U.S. Department of Education, National Center for Educational Statistics, Institute of Educational Sciences. Washington, D.C.},
	Publisher = {U.S. Government Printing Office},
	Title = {A Closer Look at Charter Schools Using Hierarchical Linear Modeling},
	Year = {2006}}

@book{Budde1988,
	Author = {Ray Budde},
	Location = {Andover, MA},
	Publisher = {The Regional Laboratory for Education Improvement},
	Title = {Education by Charter: Restructuring School Districts},
	Year = {1988}}

@book{Herbst2006,
	Author = {Jurgen Herbst},
	Location = {New York},
	Publisher = {Palgrave Macmillan},
	Title = {School Choice and School Governance: A Historical Study of the \uppercase{U}nited \uppercase{S}tates and \uppercase{G}ermany},
	Year = {2006}}

@article{HubbardKulkarni2009,
	Author = {Lea Hubbard and Rucheeta Kulkarni},
	Journal = {Journal of Educational Change},
	Pages = {173-189},
	Title = {Charter Schools: Learning from the Past, Planning for the Future},
	Volume = {10},
	Year = {2009}}

@article{Akaike1974,
	Author = {H. Akaike},
	Issue = {6},
	Journal = {IEEE Transactions on Automatic Control},
	Pages = {716-723},
	Title = {A new look at the statistical model identification},
	Volume = {19},
	Year = {1974}}

@article{Kolderie2005,
	Author = {Ted Kolderie},
	Title = {Ray Budde adn the origins of the charter school},
	Year = {2005}}

@book{mass,
	Address = {New York},
	Author = {W. N. Venables and B. D. Ripley},
	Edition = {Fourth},
	Note = {ISBN 0-387-95457-0},
	Publisher = {Springer},
	Title = {Modern Applied Statistics with S},
	Url = {http://www.stats.ox.ac.uk/pub/MASS4},
	Year = {2002},
	Bdsk-Url-1 = {http://www.stats.ox.ac.uk/pub/MASS4}}

@article{RosenbaumRubin1983,
	Author = {P. R. Rosenbaum and D. B. Rubin},
	Issue = {1},
	Journal = {Biometrika},
	Pages = {41-55},
	Title = {The central role of the propensity score in observational studies for causal effects.},
	Volume = {70},
	Year = {1983}}

@article{ThoemmesKim2011,
	Author = {F. J. Thoemmes and E. S. Kim},
	Issue = {1},
	Journal = {Multivariate Behavioral Research},
	Pages = {90-118},
	Title = {A systematic review of preonsity score methods in the social sciences},
	Volume = {46},
	Year = {2011}}

@article{Dawid2000,
	Author = {A. P. Dawid},
	Issue = {450},
	Journal = {Journal of the American Statistical Association},
	Pages = {407-424},
	Title = {Causal inference without counterfactuals},
	Volume = {95},
	Year = {2000}}

@article{Holland1986,
	Author = {P. W. Holland},
	Issue = {396},
	Journal = {Journal of the American Statistical Association},
	Pages = {945-960},
	Title = {Statistics and causal inference},
	Volume = {81},
	Year = {1986}}

@book{ArpinoMealli2008,
	Author = {B. Arpino and F. Mealli},
	Institution = {Carlo F. Dondena Centre for Research on Social Dynamics},
	Publisher = {Munich Personal RePEc Archive},
	Title = {The specification of the propensity score in multilevel observational studies},
	Url = {http://mpra.ub.uni-muenchen.de/17407},
	Year = {2008},
	Bdsk-Url-1 = {http://mpra.ub.uni-muenchen.de/17407}}

@article{Rubin1997,
	Author = {D. B. Rubin},
	Issue = {2},
	Journal = {Annals of Internal Medicine},
	Pages = {757-763},
	Title = {Estimation from nonrandomized treatment comparisons using subclassifications on propensity scores.},
	Volume = {8},
	Year = {1997}}

@article{Rubin1996mi,
	Author = {D. B. Rubin},
	Date-Modified = {2011-10-31 21:42:58 +0000},
	Issue = {434},
	Journal = {Journal of the American Statistical Association},
	Pages = {473-489},
	Title = {Multiple imputation after 18+ years.},
	Volume = {91},
	Year = {1996}}

@article{Stuart2010,
	Author = {E. A. Stuart},
	Issue = {1},
	Journal = {Statistical Science},
	Pages = {1-21},
	Title = {Matching methods for causal inference: A review and a look forward},
	Volume = {25},
	Year = {2010}}

@article{Austin2011,
	Author = {P. C. Austin},
	Journal = {Statistical in Medicine},
	Pages = {1292-1301},
	Title = {Comparing paired vs non-paired statistical methods of analyses when making inferences about absolute risk reductions in propensity-score matched smaples.},
	Volume = {30},
	Year = {2011}}

@article{HorthornHornikZeileis2006,
	Author = {T. Hothorn and K. Hornik and A. Zeileis},
	Issue = {3},
	Journal = {Journal of Computational and Graphical Statistics},
	Pages = {651-674},
	Title = {Unbiased recursive partitioning: A conditional inference framework},
	Volume = {15},
	Year = {2006}}

@article{Rosenbaum2012,
	Author = {P. R. Rosenbaum},
	Issue = {4},
	Journal = {Biometrika},
	Pages = {763-774},
	Title = {Testing one hypothesis twice in observational studies},
	Volume = {99},
	Year = {2012}}

@book{Rubin1987,
	Author = {D. B. Rubin},
	Location = {New York},
	Publisher = {Wiley},
	Title = {Multiple imputation for nonresponse in surveys},
	Year = {1987}}

@book{Ravitch2013,
	Author = {Diane Ravitch},
	Location = {New York},
	Publisher = {Random House, Inc.},
	Title = {Reign of Error},
	Year = {2013}}

@manual{multilevelPSA,
	Author = {Jason Bryer},
	Note = {R package version 1.0},
	Title = {multilevelPSA: Multilevel Propensity Score Analysis},
	Url = {http://multilevelpsa.r-forge.r-project.org},
	Year = {2011},
	Bdsk-Url-1 = {http://multilevelpsa.r-forge.r-project.org}}

@manual{pisa,
	Author = {{Organisation for Economic Co-Operation and Development}},
	Title = {Programme of International Student Assessment},
	Url = {http://www.oecd.org/pisa/},
	Year = {2009}}

@Article{mice,
    title = {{mice}: Multivariate Imputation by Chained Equations in R},
    author = {Stef {van Buuren} and Karin Groothuis-Oudshoorn},
    journal = {Journal of Statistical Software},
    year = {2011},
    volume = {45},
    number = {3},
    pages = {1--67},
    url = {http://www.jstatsoft.org/v45/i03/}
 }

@article{matching,
  author =	"Jasjeet S. Sekhon",
  title =	"Multivariate and Propensity Score Matching Software with Automated Balance Optimization: The Matching package for R",
  journal =	"Journal of Statistical Software",
  volume =	"42",
  number =	"7",
  pages =	"1--52",
  day =  	"14",
  month =	"6",
  year = 	"2011",
  CODEN =	"JSSOBK",
  ISSN = 	"1548-7660",
  bibdate =	"2007-06-16",
  URL =  	"http://www.jstatsoft.org/v42/i07",
  accepted =	"2007-06-16",
  acknowledgement = "",
  keywords =	"",
  submitted =	"2007-02-07"
}

% p-values and graphics

@Article{SedlmeierGigerener1989,
    title = {Do studies of statistical power have an effect on the power of studies?},
    author = {Peter Sedlmeier and Gerd Gigerenzer},
    journal = {Psychological Bulletin},
    year = {1989},
    volume = {105},
    number = {2},
    pages = {309--316}
 }

@Article{Gigerenzer2004,
    title = {Mindless statistics},
    author = {Gerd Gigerenzer},
    journal = {The Journal of Socio-Economics},
    year = {2004},
    volume = {33},
    pages = {587--606}
 }

@Article{Nuzzo2014,
    title = {Scientific Method: Statistical Errors},
    author = {Regina Nuzzo},
    journal = {Nature},
    year = {2014},
    volume = {506},
    pages = {150--152},
    url = {http://www.nature.com/news/scientific-method-statistical-errors-1.14700}
 }

@Article{Shrout1997,
    title = {Should Significance Tests be Banned?},
    author = {Patrick E. Shrout},
    journal = {Psychological Science},
    year = {1997},
    volume = {8},
    number = {1},
    pages = {1--2}
 }

@Article{Hunter1997,
    title = {Needed: A ban on the significance test},
    author = {John E. Hunter},
    journal = {Psychological Science},
    year = {1997},
    volume = {8},
    number = {1},
    pages = {3--7}
 }

@Article{Harris1997,
    title = {Significance tests have their place},
    author = {Richard J. Harris},
    journal = {Psychological Science},
    year = {1997},
    volume = {8},
    number = {1},
    pages = {8--11}
 }

@Article{Abelson1997,
    title = {On the surprising longevity of flogged horses: Why there is a case for the significance test},
    author = {Robert P. Abelson},
    journal = {Psychological Science},
    year = {1997},
    volume = {8},
    number = {1},
    pages = {12--15}
 }

@Article{Scarr1997,
    title = {Rules of Evidence: A larger context for the statistical debate},
    author = {Sandra Scarr},
    journal = {Psychological Science},
    year = {1997},
    volume = {8},
    number = {1},
    pages = {16--17}
 }

@Article{Estes1997,
    title = {Significance testing in psychological research: Some persisting issues},
    author = {W. K. Estes},
    journal = {Psychological Science},
    year = {1997},
    volume = {8},
    number = {1},
    pages = {18--20}
 }

@Article{Estes1997a,
    title = {On the communication of information by displays of standard errors and confidence intervals},
    author = {W. K. Estes},
    journal = {Psychological Bulletin \& Review},
    year = {1997},
    volume = {4},
    number = {3},
    pages = {330--341}
 }

@Article{Gelman2011,
    author = {Andrew Gelman},
    title = {Why tables are really much better than graphs},
    journal = {Journal of Computational and Graphical Statistics},
    year = {2011},
    volume = {20},
    number = {1},
    pages = {3--7}
 }
 
 @Article{GelmanStern2006,
    title = {The difference between "significant" and "not significant" is not itself statistically significant},
    author = {Andrew Gelman and H Stern},
    journal = {American Statistician},
    year = {2006},
    volume = {6-},
    number = {4},
    pages = {328--331}
 }


@Article{GelmanPasaricaDodhia2002,
    title = {Let's practice what we preach: Turning tables into graphs},
    author = {Andrew Gelman and Cristian Pasarica and Rahul Dodhia},
    journal = {The American Statistician},
    year = {2002},
    volume = {56},
    number = {2},
    pages = {121--130}
 }

@Article{Hill2008,
    title = {Discussion of research using propensity-score matching: Comments on 'A critical appraisal of propensity-score matching in the medical literature between 1996 and 2003' by {Peter Austin}},
    author = {Jennifer Hill},
    journal = {Statistics in Medicine},
    year = {2008},
    volume = {27},
    pages = {2055--2061}
 }

@Article{Bakan1966,
    title = {The test of significance in psychological research},
    author = {D Bakan},
    journal = {Psychological Bulletin},
    year = {1966},
    volume = {66},
    pages = {423--437}
 }

@Article{Carver1978,
    title = {The case against statistical significance testing},
    author = {R. P Carver},
    journal = {Harvard Educational Review},
    year = {1978},
    volume = {48},
    pages = {378--399}
 }
@Article{Cohen1994,
    title = {The earth is round (p < .05)},
    author = {J. Cohen},
    journal = {American Psychologist},
    year = {1994},
    volume = {49},
    pages = {997--1003}
 }
@book{HenkelMorrison1970,
    title = {The significance test controversy},
    author = {R.E. Henkel and D.E. Morrison},
    location = {London},
    year = {1970},
    publisher = {Butterworth}
 }
@Article{Rozeboom1960,
    title = {The fallacy of the null-hypothesis significance test},
    author = {W.W. Rozenboom},
    journal = {lotical Bulletin},
    year = {1960},
    volume = {57},
    pages = {316--428}
 }
@Article{Schmidt1996,
    title = {Statistical significance testing and cumulative knowledge chology: Implications for training of researchers},
    author = {F.L. Schmidt},
    journal = {Psychological Methods},
    year = {1996},
    volume = {129}
 }

@book{Fisher1925,
	Author = {Ronald A Fisher},
	Location = {Edinburgh, UK},
	Publisher = {Oliver and Boyd},
	Title = {Statistical Methods for Research Workers},
	Year = {1925}
}

@book{Cumming2012,
	Author = {Geoff Cumming},
	Location = {New York, NY},
	Publisher = {Routledge},
	Title = {Understanding the new statistics: Effect sizes, confidence intervals, and meta-analysis},
	Year = {2012}
}

@book{Cohen1977,
	Author = {Jacob Cohen},
	Location = {New York, NY},
	Publisher = {Academic Press},
	Title = {Statistical power for the behavioral sciences (2nd ed.)},
	Year = {1977}
}

@Article{CookShadishWong2008,
    title = {Three conditions under which experiments and observational studies produce comparable causal estimates: New findings from within-study comparisons},
    author = {Thomas D. Cook and William R. Shadish and Vivian C. Wong},
    journal = {Journal of Policy Analysis and Management},
    year = {2008},
    volume = {27},
    number = {4}
 }

@misc{RaudenbushHongRowan2003,
    title = {Studying the causal effects of instruction with application to primary-school mathematics. Invited talk at the Research Seminar II: Instructional and Performance Consequences of High Poverty Schooling},
    author = {Stephen W. Raudenbush and Guanglei Hong and Brian Rowan},
    year = {2003}
 }

@book{SchneiderEtAl2007,
	Author = {Barbara Schneider and Martin Carnoy and Jeremy Kilpatrick and William H. Schmidt and Richard J. Shavelson},
	Location = {New York, NY},
	Publisher = {American Educational Research Association},
	Title = {Estimating Causal Effects Using Experimental and Observational Designs},
	Year = {2007}
}

@Article{ShadishClarkSteiner2008,
    title = {Can Nonrandomized Experiments Yield Accurate Answers? A Randomized Experiment Comparing Random and Nonrandom Assignments},
    author = {William R. Shadish and M. H. Clark and Peter M. Steiner},
    journal = {Journal of the American Statistical Association},
    year = {2008},
    volume = {103},
    number = {484},
    pages = {1334--1343},
 }


@Article{DehejiaWahba1999,
    title = {Causal Effects in Nonexperimental Studies: Reevaluating the Evaluation of Training Programs},
    author = {Rajeev H. Dehejia and Sadek Wahba},
    journal = {Journal of the American Statistical Association},
    year = {1999},
    volume = {94},
    number = {448},
    pages = {1053--1062},
 }

@book{Pearl2009,
	Author = {Judea Pearl},
	Location = {New York, NY},
	Publisher = {Cambridge University Press},
	Title = {Causality: Models, Reasoning and Inference (2nd ed.)},
	Year = {2009}
}

@misc{HeckmanEtAl1997,
    title = {Characterizing Selection Bias Using Experimental Data},
    author = {James Heckman and Hidehiko Ichimura and Jeffery Smith and Petra Todd},
    year = {1997},
    url = {http://athens.src.uchicago.edu/jenni/dvmaster/FILES/matchingf.pdf}
 }

@Article{Shadish2013,
    title = {Propensity score analysis: promise, reality and irrational exuberance},
    author = {William R. Shadish},
    journal = {Journal of Experimental Criminology},
    year = {2013},
    volume = {9},
    number = {2},
    pages = {128--144},
 }

@misc{Loveless2013,
	title = {Charter School Study: Much Ado About Tiny Differences},
	year = {2013},
	author = {Tom Loveless},
	url = {http://www.brookings.edu/blogs/brown-center-chalkboard/posts/2013/07/03-charter-schools-loveless}
}



%@Article{,
%    title = {},
%    author = {},
%    journal = {},
%    year = {},
%    volume = {},
%    number = {},
%    pages = {},
% }
%


